<record><leader>00000cas a22000007a 4500</leader><controlfield tag="001">30532248</controlfield><controlfield tag="008">940601d19941994waumr n       0   a0eng c</controlfield><datafield ind1=" " ind2=" " tag="010"><subfield code="a">sn 96047077 </subfield></datafield><datafield ind1=" " ind2=" " tag="040"><subfield code="a">UOK</subfield><subfield code="b">eng</subfield><subfield code="c">UOK</subfield><subfield code="d">WAU</subfield><subfield code="d">OCLCQ</subfield><subfield code="d">WAU</subfield><subfield code="d">OCLCQ</subfield><subfield code="d">OCLCF</subfield></datafield><datafield ind1="1" ind2=" " tag="029"><subfield code="a">AU@</subfield><subfield code="b">000025923396</subfield></datafield><datafield ind1=" " ind2=" " tag="042"><subfield code="a">pcc</subfield></datafield><datafield ind1=" " ind2=" " tag="043"><subfield code="a">n-us-wa</subfield></datafield><datafield ind1="0" ind2="0" tag="245"><subfield code="a">Pioneer dispatch.</subfield></datafield><datafield ind1="1" ind2="3" tag="246"><subfield code="a">PD!</subfield></datafield><datafield ind1="1" ind2="3" tag="246"><subfield code="a">P. SQ!</subfield></datafield><datafield ind1=" " ind2=" " tag="260"><subfield code="a">Seattle, WA :</subfield><subfield code="b">Cottage Press,</subfield><subfield code="c">c1994.</subfield></datafield><datafield ind1=" " ind2=" " tag="300"><subfield code="a">1 v. :</subfield><subfield code="b">ill. ;</subfield><subfield code="c">45 cm.</subfield></datafield><datafield ind1=" " ind2=" " tag="310"><subfield code="a">Monthly</subfield></datafield><datafield ind1="0" ind2=" " tag="362"><subfield code="a">-v. 1, no. 11 (Nov. 1994).</subfield></datafield><datafield ind1=" " ind2=" " tag="515"><subfield code="a">Issues for May-Sept. 1994 called also # 1-5.</subfield></datafield><datafield ind1=" " ind2=" " tag="580"><subfield code="a">Merged with: Regrade dispatch, to become: Dispatch (City ed.).</subfield></datafield><datafield ind1=" " ind2=" " tag="588"><subfield code="a">Description based on: Vol. 1, no. 8 (Aug. 1994).</subfield></datafield><datafield ind1=" " ind2="0" tag="651"><subfield code="a">Pioneer Square (Seattle, Wash.)</subfield><subfield code="v">Newspapers.</subfield></datafield><datafield ind1=" " ind2="7" tag="655"><subfield code="a">Community newspapers</subfield><subfield code="z">Washington (State)</subfield><subfield code="z">Seattle.</subfield><subfield code="2">ngl</subfield></datafield><datafield ind1=" " ind2="7" tag="655"><subfield code="a">Newspapers.</subfield><subfield code="2">fast</subfield><subfield code="0">(OCoLC)fst01423814</subfield></datafield><datafield ind1=" " ind2="7" tag="651"><subfield code="a">Washington (State)</subfield><subfield code="z">Seattle</subfield><subfield code="z">Pioneer Square.</subfield><subfield code="2">fast</subfield><subfield code="0">(OCoLC)fst01317654</subfield></datafield><datafield ind1=" " ind2=" " tag="752"><subfield code="a">United States</subfield><subfield code="b">Washington</subfield><subfield code="c">King</subfield><subfield code="d">Seattle.</subfield></datafield><datafield ind1="1" ind2="7" tag="785"><subfield code="t">Regrade dispatch</subfield><subfield code="w">(DLC)sn 96047570</subfield><subfield code="w">(OCoLC)26657757</subfield></datafield><datafield ind1="1" ind2="7" tag="785"><subfield code="t">Dispatch (City ed.)</subfield><subfield code="w">(DLC)sn 96047571</subfield><subfield code="w">(OCoLC)33266280</subfield></datafield></record>